
@inproceedings{chretien2019dual,
  title={The dual approach to non-negative super-resolution: impact on primal reconstruction accuracy},
  author={Chr\'{e}tien, St\'{e}phane and Thompson, Andrew and Toader, Bogdan},
  booktitle={Proceedings of the 13th International Conference on Sampling Theory and Applications (SampTA), 2019. Extended journal version to be submitted soon.},
  %pages={1--5},
  year={2019},
  organization={IEEE}
}

@book{NesterovOpt,
 author = {Nesterov, Yurii},
 title = {Introductory Lectures on Convex Optimization: A Basic Course},
 year = {2014},
 publisher = {Springer Publishing Company},
} 

@article{rachelsreport,
  title = {Source Reconstruction from Hydrophone Data},
  author = {R. Philip},
  year = {2015},
  journal = {University of Oxford},
  note = {InFoMM CDT Mini-Project 2 report in partnership with NPL}
}
@article{sensorspaper,
  title = {Monitoring Anthropogenic Ocean Sound from Shipping Using an Acoustic Sensor Network and a Compressive Sensing Approach},
  author = {P. Harris and R. Philip and S. Robinson and L. Wang},
  year = {2016},
  JOURNAL = {Sensors},
  VOLUME = {16},
  YEAR = {2016},
  NUMBER = {3},
  PAGES = {415},
}
@article{recht_superresolution2015,
  author = {Schiebinger, G. and Robeva, E. and Recht, B.},
  doi = {10.1093/imaiai/iax007},
  issn = {2049-8764},
  journal = {Information and Inference: a journal of the IMA},
  keywords = {compressed sensing,semi-infinite programming,superresolution},
  pages = {1--30},
  title = {{Superresolution without separation}},
  url = {http://fdslive.oup.com/www.oup.com/pdf/production{\_}in{\_}progress.pdf},
  volume = {7},
  number = {1},
  year = {2018}
}
@article{recht_adcgm2015, 
  title = {The Alternating Descent Conditional Gradient Method for Sparse Inverse Problems},
  author = {N. Boyd and G. Schiebinger and B. Recht},
  journal = {6th {IEEE} International Workshop on Computational Advances in Multi-Sensor
               Adaptive Processing, {CAMSAP} 2015, Cancun, Mexico, December 13-16,
               2015},
  pages     = {57--60},
  year      = {2015},
}
@article{candes_math_2012,
  title = {Towards a Mathematical Theory of Super-Resolution},
  author = {E.J. Candes and C. Fernandez-Granda},
  journal   = {CoRR},
  volume    = {abs/1203.5871},
  year      = {2012},
  url       = {http://arxiv.org/abs/1203.5871},
  timestamp = {Wed, 05 Mar 2014 08:58:07 +0100},
  biburl    = {http://dblp.uni-trier.de/rec/bib/journals/corr/abs-1203-5871},
  bibsource = {dblp computer science bibliography, http://dblp.org}
}
@article{fernandez_2013,
  title = {Support Detection in Super-Resolution},
  author = {C. Fernandez-Granda},
  journal   = {CoRR},
  volume    = {abs/1302.3921},
  year      = {2013},
  url       = {http://arxiv.org/abs/1302.3921},
  timestamp = {Fri, 01 Mar 2013 15:41:02 +0100},
  biburl    = {http://dblp.uni-trier.de/rec/bib/journals/corr/abs-1302-3921},
  bibsource = {dblp computer science bibliography, http://dblp.org}
}
@article{fernandez_2016,
  title = {Super-resolution of Point Sources via Convex Programming},
  author = {C. Fernandez-Granda},
  year = {2016},
  journal = {Information and Inference: A Journal of the IMA}
}
@book{karlin_1966,
  title = {Tchebycheff Systems: with Applications in Analysis and Statistics},
  author = {S. Karlin and W.J. Studden},
  publisher = {Interscience Publishers},
  year = {1966}
}
